@article{trusov2016crumbs,
  title     = {Crumbs of the cookie: User profiling in customer-base analysis and behavioral targeting},
  author    = {Trusov, Michael and Ma, Liye and Jamal, Zainab},
  journal   = {Marketing Science},
  volume    = {35},
  number    = {3},
  pages     = {405--426},
  year      = {2016},
  publisher = {INFORMS}
}
